@inproceedings{hsa,
  title={Header space analysis: Static checking for networks},
  author={Kazemian, Peyman and Varghese, George and McKeown, Nick},
  booktitle={9th USENIX Symposium on Networked Systems Design and Implementation (NSDI 12)},
  pages={113--126},
  year={2012}
}
@inproceedings{netp,
  title={Real time network policy checking using header space analysis},
  author={Kazemian, Peyman and Chang, Michael and Zeng, Hongyi and Varghese, George and McKeown, Nick and Whyte, Scott},
  booktitle={10th USENIX Symposium on Networked Systems Design and Implementation (NSDI 13)},
  pages={99--111},
  year={2013}
}
@inproceedings{z3,
  title={Z3: An efficient SMT solver},
  author={Moura, Leonardo de and Bjrner, Nikolaj},
  booktitle={International conference on Tools and Algorithms for the Construction and Analysis of Systems},
  pages={337--340},
  year={2008},
  organization={Springer}
}

@inproceedings{nod,
  title={Checking beliefs in dynamic networks},
  author={Lopes, Nuno P and Bjrner, Nikolaj and Godefroid, Patrice and Jayaraman, Karthick and Varghese, George},
  booktitle={12th USENIX Symposium on Networked Systems Design and Implementation (NSDI 15)},
  pages={499--512},
  year={2015}
}

@inproceedings{klee,
  title={Klee: unassisted and automatic generation of high-coverage tests for complex systems programs.},
  author={Cadar, Cristian and Dunbar, Daniel and Engler, Dawson R and others},
  booktitle={OSDI},
  volume={8},
  pages={209--224},
  year={2008}
}

@article{binary_search_lookup,
  title={IP lookups using multiway and multicolumn search},
  author={Lampson, Butler and Srinivasan, Venkatachary and Varghese, George},
  journal={IEEE/ACM transactions on Networking},
  volume={7},
  number={3},
  pages={324--334},
  year={1999},
  publisher={IEEE}
}

@article{ap,
  title={Scalable verification of networks with packet transformers using atomic predicates},
  author={Yang, Hongkun and Lam, Simon S},
  journal={IEEE/ACM Transactions on Networking},
  volume={25},
  number={5},
  pages={2900--2915},
  year={2017},
  publisher={IEEE}
}

